<?xml version="1.0" encoding="UTF-8"?><record xmlns="http://www.loc.gov/MARC21/slim" xmlns:cinclude="http://apache.org/cocoon/include/1.0" xmlns:zs="http://www.loc.gov/zing/srw/">
  <leader>00417cz  a2200133n  4500</leader>
  <controlfield tag="001">n  87149196 </controlfield>
  <controlfield tag="003">DLC</controlfield>
  <controlfield tag="005">19880912101807.5</controlfield>
  <controlfield tag="008">871208n| acannaab|          |a aad |||  </controlfield>
  <datafield tag="010" ind1=" " ind2=" ">
    <subfield code="a">n  87149196 </subfield>
  </datafield>
  <datafield tag="040" ind1=" " ind2=" ">
    <subfield code="a">DLC</subfield>
    <subfield code="c">DLC</subfield>
    <subfield code="d">DLC</subfield>
  </datafield>
  <datafield tag="100" ind1="1" ind2="0">
    <subfield code="a">Mordasini, R.</subfield>
    <subfield code="q">(Rubino)</subfield>
  </datafield>
  <datafield tag="400" ind1="1" ind2="0">
    <subfield code="a">Mordasini, Rubino-Carlo</subfield>
  </datafield>
  <datafield tag="670" ind1=" " ind2=" ">
    <subfield code="a">nuc87-126701: Lipid und Atherogenese, c1983</subfield>
    <subfield code="b">(hdg. on NNNAM rept.: Mordasini, Rubino-Carlo; usage: R. Mordasini)</subfield>
  </datafield>
</record>